00571cas a22002291a 4500
001 9917737643502836
003 Nz
005 20161223172953.0
008 031224c19869999nz  r ne      0   0 eng d
035    $a (Nz)8145050
035    $a (OCoLC)947774537
035    $a (NLNZils)1773764
035    $a (NLNZils)1773764-ilsdb
040    $a WN $c WN
042    $a nznb
043    $a u-nz---
245 00 $a Guardian mid-weeker.
260    $a Ashburton [N.Z.]
310    $a Weekly
362 0  $a 1986 Nov.4-
651  0 $a Ashburton (N.Z.) $v Newspapers.
655  7 $a New Zealand newspapers. $2 local $5 Nz
